2800 4650
914 290 1169 373 Eze‘c
1205 302 1479 437 laiel.'
1546 303 1701 399 Cap.
1755 300 1932 376 XXI.
2285 388 2292 393 ,
2381 326 2430 399 5

384 511 591 570 terea
662 499 867 596 quod
935 500 1349 579 exscindam
1427 526 1528 575 ex
1596 518 1684 574 ‘te
1739 501 2051 576 insontes
2097 518 2184 577 et

374 619 650 708 malos,
762 620 937 694 ideo
1022 621 1261 703 exibit
1339 617 1522 694 ensis
1609 644 1819 693 meus
1892 648 1988 694 ex
2059 646 2188 697 va·

376 735 551 833 gina
616 737 739 809 sua
800 757 1051 813 contra
1116 740 1367 815 om'nes
1409 741 1765 813 mortales
1813 737 1902 812 ab
1943 737 2176 814 austro

369 877 614 952 usque
640 857 732 929 ad
761 860 1209 956 aquilonem.
1318 860 1899 958 Intelligentque
1947 883 2194 932 omnes
2281 838 2424 934 ιο..

364 978 757 1063 mortales,
823 1003 947 1050 me
973 980 1425 1067 Dominum,
1492 966 1818 1051 eduxiss'e
1847 1003 1894 1049 e
1919 977 2181 1076 vagina

366 1095 496 1168 sua
551 1096 793 1169 ensem
836 1122 1127 1187 meum,
1194 1099 1322 1197 qui
1356 1122 1503 1170 non
1530 1099 1849 1195 amplius
1878 1094 2177 1168 redibit.

368 1218 492 1287 Tu
520 1240 721 1308 vero,
772 1215 886 1289 fili
916 1218 1275 1306 hominis,
1328 1215 1754 1316 ingemisce,
1801 1240 1978 1287 oum
2007 1218 2192 1289 late·
2279 1241 2394 1290 n.

361 1359 533 1411 rum
562 1337 909 1443 ruptione
944 1355 1020 1410 et
1052 1362 1222 1409 cum
1259 1336 1749 1409 amaritudine
1772 1334 2169 1434 ingemisce

359 1453 512 1528 inis
540 1453 1055 1550 spectantibus.
1146 1454 1422 1555 Quodfi
1451 1474 1527 1529 te
1551 1452 2188 1553 intmogaver'int,
2273 1478 2390 1529 ια.

356 1573 711 1673 quorsum
736 1576 1221 1675 ingemiscas?
1275 1577 1509 1649 dices:
1560 1574 1648 1647 ad
1664 1573 1958 1665 famam,
1973 1598 2164 1672 quae

352 1695 519 1766 talis
549 1695 912 1789 adventat,
966 1715 1058 1770 ut
1082 1722 1303 1772 omne
1333 1721 1457 1770 oor
1486 1695 1859 1795 liquescat,
1906 1713 1983 1768 et
2005 1717 2159 1768 ma-

350 1836 497 1888 nus
532 1838 785 1889 omnes
808 1817 1395 1918 relanguescunt,
1463 1817 1956 1890 et'oonoidant
1998 1839 2158 1887 om·

350 1958 482 2007 nes
506 1952 815 2023 mentes,
846 1954 924 2008 et
954 1938 1200 2011 omnia
1231 1924 1470 2037 genua
1503 1935 1706 2008 fluxa
1733 1920 1938 2008 liant.
1993 1932 2146 2007 En!

354 2048 734 2139 adv‘entat,
818 2070 895 2125 et
942 2054 1108 2146 fiet,
1186 2055 1437 2152 inquit
1494 2055 1863 2128 Dominus
1920 2058 2153 2128 Deus.

226 2214 243 2225 ι
344 2179 533 2246 Item
564 2175 938 2246 Dominus
968 2198 1090 2247 me
1129 2170 1227 2244 fio
1256 2171 1357 2246 est
1387 2177 1855 2271 alloquutus:
1959 2175 2072 2246 Fi·
2131 2187 2374 2264 15.14.

342 2294 402 2366 li
448 2295 801 2385 hominia,
852 2294 1289 2384 vaticinare,
1340 2310 1419 2368 et
1448 2293 1599 2367 dic:
1668 2290 1766 2365 fio
1794 2290 1976 2364 dicit
2001 2297 2160 2364 Do·

337 2414 620 2488 minus:
670 2415 981 2516 gladius,
1036 2415 1325 2516 gladius
1359 2411 1463 2488 est
1491 2429 1878 2503 exacutus,
1919 2428 2148 2511 atque

321 2536 558 2609 'etiam
592 2538 891 2632 politus.
991 2542 1095 2607 Ut
1124 2538 1373 2609 caedat
1400 2536 1760 2624 victimas,
1813 2550 2166 2606 exacutus
2258 2548 2374 2619 ¹5·
2415 2539 2422 2546 ’

335 2651 478 2742 est,
534 2672 631 2723 ut
670 2652 1048 2750 fulgorem
1091 2655 1376 2744 habeat,
1427 2656 1716 2752 politus
1743 2651 1871 2727 eft.
1969 2658 2134 2727 Nos

334 2795 520 2846 vero
552 2770 1015 2860 laetabimur,
1054 2771 1306 2870 inquit
1324 2751 1479 2844 'filii
1513 2775 1665 2845 mei
1690 2772 1953 2862 tribus,
1980 2795 2140 2845 om-

333 2916 432 2964 ne
476 2890 769 2988 lignum
827 2889 1189 2987 spernens.
1292 2890 1641 2965 Traditus
1683 2888 1838 2963 fuit
1879 2890 1969 2962 ad
2011 2914 2144 2988 po-
2251 2892 2368 2970 16.

331 3010 688 3099 liendum,
740 3028 831 3083 ut
858 3035 1085 3084 manu
1112 3012 1633 3109 prehendatur,
1680 3009 1836 3107 ipse
1866 3033 2130 3083 exacu-

328 3149 456 3205 tns
523 3128 707 3220 fuit,
791 3131 1116 3230 gladiuS,
1168 3132 1322 3230 ipse
1362 3134 1685 3230 politus,
1735 3149 1827 3234 ut
1868 3131 1948 3203 in
1984 3153 2138 3203 ma-

329 3273 515 3324 num
544 3248 976 3346 percuss'oris
1010 3251 1204 3324 tradi
1245 3250 1487 3349 possit.
1592 3253 1836 3327 cluna
1867 3268 1944 3325 et
1972 3250 2136 3345 eju·
2242 3269 2360 3340 17.

182 3379 191 3386 '
329 3370 436 3460 la,
498 3367 613 3441 fili
653 3367 1012 3443 hominis!
1066 3396 1239 3444 nam
1285 3372 1408 3444 hic
1443 3374 1962 3469 meopopulo,
2011 3368 2140 3441 hio

325 3488 669 3563 omnibus
700 3489 1078 3587 impendet
1110 3491 1562 3596 principibus
1592 3492 1870 3566 Israelis
1889 3545 1912 3582 ,
1967 3511 2140 3587 pro-

202 3669 209 3676 .
295 3609 505 3704 -jecti
564 3609 656 3683 ad
715 3611 1043 3709 gladium
1102 3630 1322 3684 erunt
1376 3636 1553 3685 cum
1598 3615 1885 3711 populo
1935 3632 2128 3698 meo,

323 3730 494 3803 ideo
574 3748 880 3826 percute
951 3728 1234 3848 femur!
1352 3738 1546 3804 Nam
1619 3731 1957 3829 probatio
2027 3724 2134 3804 est
2240 3743 2356 3814 18.

342 3849 556 3923 facta.
665 3851 863 3947 Quid
890 3867 1140 3924 autem
1169 3849 1299 3924 fiet
1316 3848 1355 3924 ’ἓ
1460 3855 1643 3925 Sane
1669 3852 1904 3926 tribus
1934 3850 2161 3926 etiam

338 3967 713 4048 fastidiosa
740 3996 893 4046 non
919 3973 1120 4047 nltra
1148 3967 1460 4061 exsistet,
1504 3970 1755 4085 inquit
1784 3971 2158 4052 Dominus

1400 4100 1463 4170 A
1510 4111 1555 4182 3
1693 4155 1706 4161 ,
1918 4088 2156 4178 ἕπει..
