2800 4650
446 308 585 405 ιω
933 310 1453 405 exuunt.
1557 323 1721 420 cap.
1779 320 2018 401 xxm.

448 556 465 571 ·
649 547 823 605 tuos
857 549 933 605 et
949 548 1147 604 natas
1179 548 1344 603 tuas
1363 524 1722 615 auferent,
1737 514 1814 600 et
1839 527 2219 625 reliquum
2245 547 2470 607 tuum

447 654 568 724 26.
606 698 611 701 -
645 650 1109 727 oon'fumetur
1168 648 1348 750 igni.
1469 646 1653 719 Tuis
1702 663 1775 719 te
1828 644 2154 721 vestibus
2212 651 2469 749 spolia·

443 792 561 861 εγ.
640 769 849 860 bunt,
903 773 1167 868 tuique
1201 768 1480 841 decoris
1521 783 1786 838 ornatu
1816 767 2237 862 privabunt.
2339 779 2472 844 At-

645 915 789 987 que
836 891 941 963 ita
989 915 1130 989 ego
1181 907 1259 960 te
1310 910 1351 957 a
1400 884 1699 983 flagitiis
1749 886 1898 957 tuis
1959 890 2472 988 Aegyptioque

637 1010 1111 1082 meretricata
1141 1004 1492 1081 coercebo
1510 1058 1530 1092 ,
1598 1020 1683 1074 ut
1716 1007 1965 1079 oculos
2009 1008 2088 1078 in
2119 1008 2286 1081 illos
2317 1032 2472 1082 non

653 1130 996 1202 coniicias
1015 1186 1035 1219 ,
1101 1154 1236 1203 nec
1271 1120 1592 1224 Aegypti
1624 1125 1938 1220 amplius
1971 1110 2468 1204 reminiscat-fix

448 1271 566 1340 28.
646 1251 765 1326 Sic
805 1250 1001 1323 enim
1051 1250 1229 1322 dicit
1285 1246 1654 1318 Dominus
1700 1240 1945 1318 Deuse
2015 1270 2155 1346 ego
2205 1265 2282 1320 te
2320 1248 2471 1320 inis

649 1370 948 1457 dedam,
1013 1394 1196 1467 quos
1245 1386 1336 1439 tu
1396 1362 1649 1456 odisti,
1707 1365 1896 1453 illis,
1949 1366 2291 1462 aquibus
2322 1367 2475 1438 ani-

444 1490 571 1586 ΩΨ
638 1512 851 1564 mum
880 1485 1208 1561 avocasti.
1262 1486 1417 1585 Qui
1433 1503 1683 1557 tecum
1700 1485 1873 1557 odio
1900 1503 2197 1585 agentes
2229 1487 2477 1561 omnin

646 1630 779 1682 tua
816 1608 1069 1681 labore
1112 1625 1320 1706 parta
1367 1605 1739 1697 auferant,
1808 1622 2035 1705 teque
2062 1606 2335 1679 nudam
2359 1631 2474 1679 re-

424 1730 431 1737 ’
492 1752 503 1759 ·
641 1732 986 1828 linquant
1016 1746 1099 1801 et
1122 1730 1483 1801 detectam
1505 1780 1525 1814 ‚
1599 1744 1688 1797 ut
1737 1744 2076 1824 apparent
2102 1725 2474 1800 obruo-ui-

328 1932 348 1953 ·
487 1916 497 1938 ,
635 1867 746 1921 tas
782 1866 956 1919 tuae
982 1847 1506 1944 impudicitiae,
1537 1863 1816 1944 tuaque
1841 1845 2118 1947 flagitia
2145 1864 2222 1919 et
2244 1868 2478 1919 mere-

444 1986 563 2058 30.
637 1968 985 2071 tricatus:
1072 1973 1280 2065 Quae
1309 1967 1616 2067 quidem
1644 1966 1787 2037 tibi
1814 1966 1985 2039 ideo
2017 1966 2219 2054 fient,
2268 1965 2480 2063 quode

642 2110 815 2159 cum
862 2085 1206 2185 gentibus
1239 2086 1547 2160 scortata
1591 2084 1707 2174 fis,
1758 2111 2073 2183 quarum
2105 2082 2477 2161 θοι-σοιτί·

358 2226 365 2233 ’
441 2229 563 2295 31.
646 2200 801 2279 deis
832 2222 910 2279 te
928 2202 1551 2303 inquinasti.1n
1581 2207 1702 2278 via
1732 2205 1996 2279 sororis
2022 2222 2194 2277 tuae
2217 2203 2478 2276 ambu-

408 2403 415 2412 ,
564 2322 821 2412 lasti,
851 2327 1061 2419 cujus
1095 2350 1237 2430 ego
1269 2328 1413 2399 tibi
1446 2327 1796 2398 calicem
1772 2352 1854 2398 m
1878 2349 2135 2398 manus
2166 2322 2472 2397 tradama

372 2455 391 2472 '
440 2443 558 2534 3⁵5.
629 2451 832 2517 Haec
875 2446 1055 2516 dicit
1096 2448 1470 2519 Dominus
1524 2452 1772 2518 Deus·
1851 2461 1939 2516 tu
1990 2443 2254 2518 sororis
2302 2461 2480 2516 tuae

640 2565 942 2635 calicem
969 2564 1295 2660 potabis,
1361 2563 1826 2661 profundum
1872 2587 1949 2637 et
1977 2566 2253 2652 latum,
2318 2587 2474 2661 quo

638 2681 912 2755 derisui
945 2701 1021 2755 et
1047 2684 1381 2757 ludibrio
1413 2685 1544 2757 fies
1562 2740 1582 2774 ,
1647 2687 1923 2790 multae
1949 2685 2147 2756 enim
2173 2686 2306 2756 ille
2333 2686 2479 2756 erit

443 2793 569 2892 332
643 2803 1080 2900 capacitatis.
1182 2804 1561 2878 Ebrietate
1595 2822 1673 2877 et
1701 2827 2038 2877 moerore
2076 2803 2475 2901 repleberis

640 2923 885 2995 calice
876 2924 1247 2998 moeroris
1279 2923 1726 3012 ettristitiae,
1747 2928 1968 2998 calice
1992 2924 2258 2997 sororis
2279 2941 2478 3014 tuae,

428 3057 561 3132 54.
642 3041 1023 3114 Samariae.
1133 3050 1328 3117 Eum
1371 3065 1462 3117 tu
1516 3045 1848 3142 epotabis
1893 3063 1968 3119 et
1997 3044 2482 3143 exsugesset

568 3159 800 3253 ejus
847 3157 1056 3234 testas
1099 3163 1560 3266 confringes,
1631 3182 1912 3262 tuaque
1952 3169 2180 3240 velles
2224 3166 2475 3256 ubera,

633 3281 982 3377 quoniam
1016 3307 1155 3381 ego
1185 3288 1552 3383 loquutus
1585 3285 1780 3375 sum,
1833 3286 2081 3382 inquit
2107 3288 2484 3361 Dominus

434 3418 554 3486 35.
632 3403 865 3473 Deus.
969 3403 1364 3499 Propterea
1421 3405 1524 3478 ita
1573 3405 1754 3478 dicit
1787 3406 2177 3478 ‘Dominus
2224 3413 2472 3479 Deusz

631 3521 985 3615 quoniam
1035 3541 1122 3594 tu
1169 3524 1402 3597 oblita
1451 3527 1633 3618 mei,
1691 3547 1813 3597 me
1841 3521 2003 3621 post
2038 3543 2335 3625 tergum
2362 3535 2490 3598 re:

632 3637 904 3740 jecisti,
986 3661 1076 3746 ru
1148 3669 1449 3741 quoque
1508 3647 1638 3718 lue
1698 3655 1924 3748 tuum'
1965 3644 2333 3756 flagitium
2395 3667 2476 3716 ac

432 3760 550 3846 36.
629 3775 836 3832 tuam
880 3762 1448 3861 impudicitiam.
1656 3769 1855 3839 Tum
1904 3767 2279 3839 Domiu‘us
2355 3787 2478 3840 me

631 3879 735 3952 ita
772 3878 874 3954 est
901 3885 1368 3981 alloquutus:
1425 3884 1534 3957 fili
1564 3885 1907 3975 hominis,
1937 3888 2146 3959 litem
2176 3884 2480 3970 intende

630 3999 890 4078 Oollae
931 4019 1008 4077 et
1051 4001 1450 4097 Oholibae,
1518 4023 1595 4079 et
1639 4023 1726 4078 tu
1771 4006 1880 4081 ei·
1925 4029 2177 4082 earum
2210 4002 2486 4076 soclera-

2039 4171 2051 4186 ·
2163 4148 2474 4223 expone.
