<?xml version="1.0" encoding="UTF-8"?>
<!DOCTYPE html PUBLIC "-//W3C//DTD XHTML 1.0 Transitional//EN"
    "http://www.w3.org/TR/xhtml1/DTD/xhtml1-transitional.dtd">
<html xmlns="http://www.w3.org/1999/xhtml" xml:lang="en" lang="en">
 <head>
  <title>
</title>
<meta http-equiv="Content-Type" content="text/html;charset=utf-8" />
  <meta name='ocr-system' content='tesseract 3.04.00' />
  <meta name='ocr-capabilities' content='ocr_page ocr_carea ocr_par ocr_line ocrx_word'/>
</head>
<body>
  <div class='ocr_page' id='page_1' title='image "./ernfridcarrosen00unkngoog_0082.png"; bbox 0 0 2800 4650; ppageno 0'>
   <div class='ocr_carea' id='block_1_1' title="bbox 503 326 2032 425">
    <p class='ocr_par' dir='ltr' id='par_1_1' title="bbox 503 326 2032 425">
     <span class='ocr_line' id='line_1_1' title="bbox 503 326 2032 425; baseline 0.001 -23"><span class='ocrx_word' id='word_1_1' title='bbox 503 350 597 418; x_wconf 72' lang='lat'><strong>72</strong></span> <span class='ocrx_word' id='word_1_2' title='bbox 990 328 1503 408; x_wconf 69' lang='lat' dir='ltr'><strong>Ezechiel.</strong></span> <span class='ocrx_word' id='word_1_3' title='bbox 1609 326 2032 425; x_wconf 52' lang='lat' dir='ltr'><strong>Cannu.-</strong></span> 
     </span>
    </p>
   </div>
   <div class='ocr_carea' id='block_1_2' title="bbox 418 524 2569 4200">
    <p class='ocr_par' dir='ltr' id='par_1_2' title="bbox 418 524 2569 4200">
     <span class='ocr_line' id='line_1_2' title="bbox 506 524 2499 667; baseline -0.003 -62"><span class='ocrx_word' id='word_1_4' title='bbox 506 534 583 613; x_wconf 58' lang='lat'><strong>6⁴</strong></span> <span class='ocrx_word' id='word_1_5' title='bbox 712 529 911 604; x_wconf 87' lang='lat' dir='ltr'><strong>mine</strong></span> <span class='ocrx_word' id='word_1_6' title='bbox 940 530 1298 667; x_wconf 68' lang='lat' dir='ltr'><strong>pollutam</strong></span> <span class='ocrx_word' id='word_1_7' title='bbox 1326 548 1406 605; x_wconf 86' lang='lat' dir='ltr'><strong>et</strong></span> <span class='ocrx_word' id='word_1_8' title='bbox 1429 528 1664 603; x_wconf 78' lang='lat' dir='ltr'><strong>turbis</strong></span> <span class='ocrx_word' id='word_1_9' title='bbox 1693 526 2065 628; x_wconf 77' lang='lat' dir='ltr'><strong>insignem.</strong></span> <span class='ocrx_word' id='word_1_10' title='bbox 2149 524 2499 601; x_wconf 79' lang='lat' dir='ltr'><strong>Ecc0!in</strong></span> 
     </span>
     <span class='ocr_line' id='line_1_3' title="bbox 707 647 2504 765; baseline -0.001 -44"><span class='ocrx_word' id='word_1_11' title='bbox 707 667 785 722; x_wconf 89' lang='lat' dir='ltr'><strong>te</strong></span> <span class='ocrx_word' id='word_1_12' title='bbox 849 649 1207 748; x_wconf 79' lang='lat' dir='ltr'><strong>principes</strong></span> <span class='ocrx_word' id='word_1_13' title='bbox 1277 651 1758 725; x_wconf 77' lang='lat' dir='ltr'><strong>Israelitarum</strong></span> <span class='ocrx_word' id='word_1_14' title='bbox 1822 672 1955 743; x_wconf 83' lang='lat' dir='ltr'><strong>pro</strong></span> <span class='ocrx_word' id='word_1_15' title='bbox 1996 647 2142 718; x_wconf 80' lang='lat' dir='ltr'><strong>suis</strong></span> <span class='ocrx_word' id='word_1_16' title='bbox 2189 647 2504 765; x_wconf 85' lang='lat' dir='ltr'><strong>quisque</strong></span> 
     </span>
     <span class='ocr_line' id='line_1_4' title="bbox 706 746 2502 864; baseline -0.003 -23"><span class='ocrx_word' id='word_1_17' title='bbox 706 767 988 841; x_wconf 80' lang='lat' dir='ltr'><strong>viribus</strong></span> <span class='ocrx_word' id='word_1_18' title='bbox 1040 772 1121 841; x_wconf 91' lang='lat' dir='ltr'><strong>in</strong></span> <span class='ocrx_word' id='word_1_19' title='bbox 1161 773 1253 843; x_wconf 78' lang='lat' dir='ltr'><strong>eo&#39;</strong></span> <span class='ocrx_word' id='word_1_20' title='bbox 1292 769 1500 858; x_wconf 89' lang='lat' dir='ltr'><strong>sunt,</strong></span> <span class='ocrx_word' id='word_1_21' title='bbox 1559 786 1649 838; x_wconf 89' lang='lat' dir='ltr'><strong>ut</strong></span> <span class='ocrx_word' id='word_1_22' title='bbox 1693 766 2114 864; x_wconf 83' lang='lat' dir='ltr'><strong>sanguinem</strong></span> <span class='ocrx_word' id='word_1_23' title='bbox 2153 746 2502 848; x_wconf 86' lang='lat' dir='ltr'><strong>fundaut3</strong></span> 
     </span>
     <span class='ocr_line' id='line_1_5' title="bbox 517 883 2507 1018; baseline -0.002 -59"><span class='ocrx_word' id='word_1_24' title='bbox 517 908 584 979; x_wconf 88' lang='lat'><strong>7.</strong></span> <span class='ocrx_word' id='word_1_25' title='bbox 709 888 787 958; x_wconf 90' lang='lat' dir='ltr'><strong>in</strong></span> <span class='ocrx_word' id='word_1_26' title='bbox 845 904 923 960; x_wconf 89' lang='lat' dir='ltr'><strong>te</strong></span> <span class='ocrx_word' id='word_1_27' title='bbox 962 906 1202 984; x_wconf 78' lang='lat' dir='ltr'><strong>patres</strong></span> <span class='ocrx_word' id='word_1_28' title='bbox 1232 907 1308 961; x_wconf 91' lang='lat' dir='ltr'><strong>et</strong></span> <span class='ocrx_word' id='word_1_29' title='bbox 1346 886 1613 960; x_wconf 78' lang='lat' dir='ltr'><strong>matres</strong></span> <span class='ocrx_word' id='word_1_30' title='bbox 1648 886 2000 956; x_wconf 78' lang='lat' dir='ltr'><strong>contemti</strong></span> <span class='ocrx_word' id='word_1_31' title='bbox 2029 883 2234 973; x_wconf 88' lang='lat' dir='ltr'><strong>sunt,</strong></span> <span class='ocrx_word' id='word_1_32' title='bbox 2301 911 2507 1018; x_wconf 83' lang='lat' dir='ltr'><strong>pere-</strong></span> 
     </span>
     <span class='ocr_line' id='line_1_6' title="bbox 418 1000 2511 1106; baseline -0.002 -28"><span class='ocrx_word' id='word_1_33' title='bbox 418 1080 423 1087; x_wconf 74' lang='lat'><em>,</em></span> <span class='ocrx_word' id='word_1_34' title='bbox 709 1007 954 1106; x_wconf 83' lang='lat' dir='ltr'><strong>grinos</strong></span> <span class='ocrx_word' id='word_1_35' title='bbox 996 1008 1076 1078; x_wconf 91' lang='lat' dir='ltr'><strong>iu</strong></span> <span class='ocrx_word' id='word_1_36' title='bbox 1132 1008 1374 1080; x_wconf 85' lang='lat' dir='ltr'><strong>medio</strong></span> <span class='ocrx_word' id='word_1_37' title='bbox 1417 1005 1534 1077; x_wconf 87' lang='lat' dir='ltr'><strong>tui</strong></span> <span class='ocrx_word' id='word_1_38' title='bbox 1575 1003 1844 1075; x_wconf 83' lang='lat' dir='ltr'><strong>iniuria</strong></span> <span class='ocrx_word' id='word_1_39' title='bbox 1890 1000 2247 1086; x_wconf 77' lang='lat' dir='ltr'><strong>afficiunt3</strong></span> <span class='ocrx_word' id='word_1_40' title='bbox 2313 1003 2392 1072; x_wconf 90' lang='lat' dir='ltr'><strong>in</strong></span> <span class='ocrx_word' id='word_1_41' title='bbox 2431 1020 2511 1074; x_wconf 90' lang='lat' dir='ltr'><strong>te</strong></span> 
     </span>
     <span class='ocr_line' id='line_1_7' title="bbox 420 1118 2515 1243; baseline -0.001 -49"><span class='ocrx_word' id='word_1_42' title='bbox 420 1218 427 1235; x_wconf 27' lang='grc' dir='ltr'><em>ὗ</em></span> <span class='ocrx_word' id='word_1_43' title='bbox 511 1140 582 1209; x_wconf 77' lang='grc'><strong>8.</strong></span> <span class='ocrx_word' id='word_1_44' title='bbox 708 1126 1031 1222; x_wconf 82' lang='lat' dir='ltr'><strong>pupillos</strong></span> <span class='ocrx_word' id='word_1_45' title='bbox 1066 1143 1142 1199; x_wconf 87' lang='lat' dir='ltr'><strong>et</strong></span> <span class='ocrx_word' id='word_1_46' title='bbox 1173 1126 1429 1243; x_wconf 75' lang='lat' dir='ltr'><strong>viduas</strong></span> <span class='ocrx_word' id='word_1_47' title='bbox 1455 1123 1907 1220; x_wconf 87' lang='lat' dir='ltr'><strong>opprimunt.</strong></span> <span class='ocrx_word' id='word_1_48' title='bbox 1973 1127 2233 1193; x_wconf 86' lang='lat' dir='ltr'><strong>Meum</strong></span> <span class='ocrx_word' id='word_1_49' title='bbox 2256 1118 2515 1193; x_wconf 80' lang='lat' dir='ltr'><strong>fanum</strong></span> 
     </span>
     <span class='ocr_line' id='line_1_8' title="bbox 437 1210 2518 1342; baseline -0.002 -26"><span class='ocrx_word' id='word_1_50' title='bbox 437 1224 446 1240; x_wconf 55' lang='lat'><em>⁶</em></span> <span class='ocrx_word' id='word_1_51' title='bbox 514 1265 585 1336; x_wconf 87' lang='lat'><strong>9.</strong></span> <span class='ocrx_word' id='word_1_52' title='bbox 716 1242 1071 1339; x_wconf 68' lang='lat' dir='ltr'><strong>despicate</strong></span> <span class='ocrx_word' id='word_1_53' title='bbox 1125 1269 1237 1335; x_wconf 84' lang='lat' dir='ltr'><strong>es,</strong></span> <span class='ocrx_word' id='word_1_54' title='bbox 1308 1269 1616 1342; x_wconf 76' lang='lat' dir='ltr'><strong>meaque</strong></span> <span class='ocrx_word' id='word_1_55' title='bbox 1658 1236 1987 1340; x_wconf 84' lang='lat' dir='ltr'><strong>polluisti</strong></span> <span class='ocrx_word' id='word_1_56' title='bbox 2024 1210 2332 1314; x_wconf 64' lang='lat' dir='ltr'><strong>sabbata.</strong></span> <span class='ocrx_word' id='word_1_57' title='bbox 2430 1245 2518 1312; x_wconf 79' lang='lat' dir='ltr'><strong>ln</strong></span> 
     </span>
     <span class='ocr_line' id='line_1_9' title="bbox 717 1340 2521 1457; baseline -0.002 -24"><span class='ocrx_word' id='word_1_58' title='bbox 717 1378 796 1434; x_wconf 86' lang='lat' dir='ltr'><strong>te</strong></span> <span class='ocrx_word' id='word_1_59' title='bbox 830 1364 1384 1440; x_wconf 76' lang='lat' dir='ltr'><strong>calumniatores</strong></span> <span class='ocrx_word' id='word_1_60' title='bbox 1421 1364 1591 1437; x_wconf 89' lang='lat' dir='ltr'><strong>suut</strong></span> <span class='ocrx_word' id='word_1_61' title='bbox 1620 1362 1824 1435; x_wconf 79' lang='lat' dir='ltr'><strong>causa</strong></span> <span class='ocrx_word' id='word_1_62' title='bbox 1851 1360 2208 1433; x_wconf 81' lang='lat' dir='ltr'><strong>fundendi</strong></span> <span class='ocrx_word' id='word_1_63' title='bbox 2235 1340 2521 1457; x_wconf 81' lang='lat' dir='ltr'><strong>sangui-</strong></span> 
     </span>
     <span class='ocr_line' id='line_1_10' title="bbox 714 1478 2520 1582; baseline 0.001 -32"><span class='ocrx_word' id='word_1_64' title='bbox 714 1480 867 1566; x_wconf 84' lang='lat' dir='ltr'><strong>nis3</strong></span> <span class='ocrx_word' id='word_1_65' title='bbox 938 1481 1018 1552; x_wconf 90' lang='lat' dir='ltr'><strong>in</strong></span> <span class='ocrx_word' id='word_1_66' title='bbox 1066 1497 1143 1556; x_wconf 84' lang='lat' dir='ltr'><strong>te</strong></span> <span class='ocrx_word' id='word_1_67' title='bbox 1198 1510 1330 1582; x_wconf 90' lang='lat' dir='ltr'><strong>per</strong></span> <span class='ocrx_word' id='word_1_68' title='bbox 1371 1501 1655 1558; x_wconf 82' lang='lat' dir='ltr'><strong>montes</strong></span> <span class='ocrx_word' id='word_1_69' title='bbox 1699 1482 2114 1580; x_wconf 74' lang='lat' dir='ltr'><strong>pollucem,</strong></span> <span class='ocrx_word' id='word_1_70' title='bbox 2165 1479 2248 1553; x_wconf 89' lang='lat' dir='ltr'><strong>iu</strong></span> <span class='ocrx_word' id='word_1_71' title='bbox 2276 1478 2520 1553; x_wconf 81' lang='lat' dir='ltr'><strong>medio</strong></span> 
     </span>
     <span class='ocr_line' id='line_1_11' title="bbox 525 1596 2525 1699; baseline -0.002 -26"><span class='ocrx_word' id='word_1_72' title='bbox 525 1596 639 1673; x_wconf 59' lang='lat'><strong>102</strong></span> <span class='ocrx_word' id='word_1_73' title='bbox 715 1598 831 1670; x_wconf 89' lang='lat' dir='ltr'><strong>tui</strong></span> <span class='ocrx_word' id='word_1_74' title='bbox 878 1598 1141 1674; x_wconf 80' lang='lat' dir='ltr'><strong>incesta</strong></span> <span class='ocrx_word' id='word_1_75' title='bbox 1182 1603 1376 1676; x_wconf 85' lang='lat' dir='ltr'><strong>fiunt</strong></span> <span class='ocrx_word' id='word_1_76' title='bbox 1396 1629 1423 1689; x_wconf 94' lang='lat'>3</span> <span class='ocrx_word' id='word_1_77' title='bbox 1487 1602 1711 1699; x_wconf 76' lang='lat' dir='ltr'><strong>patris</strong></span> <span class='ocrx_word' id='word_1_78' title='bbox 1756 1599 2132 1675; x_wconf 79' lang='lat' dir='ltr'><strong>verenda</strong></span> <span class='ocrx_word' id='word_1_79' title='bbox 2106 1622 2184 1669; x_wconf 89' lang='grc' dir='ltr'><strong>ιιι</strong></span> <span class='ocrx_word' id='word_1_80' title='bbox 2233 1615 2308 1670; x_wconf 87' lang='lat' dir='ltr'><strong>te</strong></span> <span class='ocrx_word' id='word_1_81' title='bbox 2335 1614 2525 1669; x_wconf 85' lang='lat' dir='ltr'><strong>rete·</strong></span> 
     </span>
     <span class='ocr_line' id='line_1_12' title="bbox 621 1714 2525 1819; baseline -0.002 -28"><span class='ocrx_word' id='word_1_82' title='bbox 621 1766 625 1770; x_wconf 94' lang='lat'>-</span> <span class='ocrx_word' id='word_1_83' title='bbox 694 1714 907 1818; x_wconf 85' lang='lat' dir='ltr'><strong>&#39;gunt</strong></span> <span class='ocrx_word' id='word_1_84' title='bbox 924 1775 946 1810; x_wconf 88' lang='lat'><strong>,</strong></span> <span class='ocrx_word' id='word_1_85' title='bbox 1016 1723 1378 1819; x_wconf 87' lang='lat' dir='ltr'><strong>pollutam</strong></span> <span class='ocrx_word' id='word_1_86' title='bbox 1438 1718 1947 1794; x_wconf 82' lang='lat' dir='ltr'><strong>menstruatam</strong></span> <span class='ocrx_word' id='word_1_87' title='bbox 2003 1720 2081 1789; x_wconf 88' lang='lat' dir='ltr'><strong>iu</strong></span> <span class='ocrx_word' id='word_1_88' title='bbox 2134 1735 2212 1791; x_wconf 90' lang='lat' dir='ltr'><strong>te</strong></span> <span class='ocrx_word' id='word_1_89' title='bbox 2282 1716 2525 1814; x_wconf 85' lang='lat' dir='ltr'><strong>oppri-</strong></span> 
     </span>
     <span class='ocr_line' id='line_1_13' title="bbox 525 1834 2529 1934; baseline -0.001 -26"><span class='ocrx_word' id='word_1_90' title='bbox 525 1854 563 1908; x_wconf 84' lang='grc' dir='ltr'><strong>ι</strong></span> <span class='ocrx_word' id='word_1_91' title='bbox 578 1859 642 1908; x_wconf 89' lang='grc' dir='ltr'><strong>ι.</strong></span> <span class='ocrx_word' id='word_1_92' title='bbox 718 1859 957 1912; x_wconf 89' lang='lat' dir='ltr'><strong>munt.</strong></span> <span class='ocrx_word' id='word_1_93' title='bbox 1058 1848 1157 1915; x_wconf 92' lang='lat' dir='ltr'><strong>Et</strong></span> <span class='ocrx_word' id='word_1_94' title='bbox 1200 1842 1315 1916; x_wconf 85' lang='lat' dir='ltr'><strong>vir</strong></span> <span class='ocrx_word' id='word_1_95' title='bbox 1359 1867 1530 1914; x_wconf 88' lang='lat' dir='ltr'><strong>cum</strong></span> <span class='ocrx_word' id='word_1_96' title='bbox 1567 1841 1861 1914; x_wconf 80' lang='lat' dir='ltr'><strong>alterius</strong></span> <span class='ocrx_word' id='word_1_97' title='bbox 1896 1862 2131 1911; x_wconf 80' lang='lat' dir='ltr'><strong>uxore</strong></span> <span class='ocrx_word' id='word_1_98' title='bbox 2163 1834 2529 1934; x_wconf 80' lang='lat' dir='ltr'><strong>flagitium</strong></span> 
     </span>
     <span class='ocr_line' id='line_1_14' title="bbox 722 1934 2528 2050; baseline -0.002 -22"><span class='ocrx_word' id='word_1_99' title='bbox 722 1958 1158 2050; x_wconf 72' lang='lat' dir='ltr'><strong>committit,</strong></span> <span class='ocrx_word' id='word_1_100' title='bbox 1231 1978 1307 2033; x_wconf 75' lang='lat' dir='ltr'><strong>et</strong></span> <span class='ocrx_word' id='word_1_101' title='bbox 1346 1961 1544 2035; x_wconf 70' lang='lat' dir='ltr'><strong>socer</strong></span> <span class='ocrx_word' id='word_1_102' title='bbox 1589 1985 1857 2033; x_wconf 75' lang='lat' dir='ltr'><strong>nurum</strong></span> <span class='ocrx_word' id='word_1_103' title='bbox 1900 1934 2167 2029; x_wconf 60' lang='lat' dir='ltr'><strong>inbesto</strong></span> <span class='ocrx_word' id='word_1_104' title='bbox 2231 1952 2528 2050; x_wconf 77' lang='lat' dir='ltr'><strong>pouuit,</strong></span> 
     </span>
     <span class='ocr_line' id='line_1_15' title="bbox 715 2075 2544 2171; baseline -0.003 -23"><span class='ocrx_word' id='word_1_105' title='bbox 715 2092 794 2148; x_wconf 85' lang='lat' dir='ltr'><strong>et</strong></span> <span class='ocrx_word' id='word_1_106' title='bbox 832 2075 1058 2151; x_wconf 81' lang='lat' dir='ltr'><strong>frater</strong></span> <span class='ocrx_word' id='word_1_107' title='bbox 1105 2078 1430 2154; x_wconf 86' lang='lat' dir='ltr'><strong>sororem</strong></span> <span class='ocrx_word' id='word_1_108' title='bbox 1491 2081 1750 2155; x_wconf 86' lang='lat' dir='ltr'><strong>eodem</strong></span> <span class='ocrx_word' id='word_1_109' title='bbox 1796 2095 2039 2150; x_wconf 73' lang='lat' dir='ltr'><strong>natam</strong></span> <span class='ocrx_word' id='word_1_110' title='bbox 2087 2091 2294 2171; x_wconf 75' lang='lat' dir='ltr'><strong>patre</strong></span> <span class='ocrx_word' id='word_1_111' title='bbox 2336 2097 2544 2146; x_wconf 86' lang='lat' dir='ltr'><strong>com--</strong></span> 
     </span>
     <span class='ocr_line' id='line_1_16' title="bbox 527 2187 2534 2294; baseline -0.001 -30"><span class='ocrx_word' id='word_1_112' title='bbox 527 2215 646 2265; x_wconf 72' lang='lat'><strong>22.</strong></span> <span class='ocrx_word' id='word_1_113' title='bbox 712 2195 989 2292; x_wconf 87' lang='lat' dir='ltr'><strong>primit.</strong></span> <span class='ocrx_word' id='word_1_114' title='bbox 1095 2203 1181 2270; x_wconf 83' lang='lat' dir='ltr'><strong>In</strong></span> <span class='ocrx_word' id='word_1_115' title='bbox 1235 2214 1313 2273; x_wconf 85' lang='lat' dir='ltr'><strong>t&#39;e</strong></span> <span class='ocrx_word' id='word_1_116' title='bbox 1362 2200 1553 2273; x_wconf 80' lang='lat' dir='ltr'><strong>dona</strong></span> <span class='ocrx_word' id='word_1_117' title='bbox 1615 2196 1975 2294; x_wconf 66' lang='lat' dir='ltr'><strong>accipiunt</strong></span> <span class='ocrx_word' id='word_1_118' title='bbox 2014 2192 2111 2266; x_wconf 90' lang='lat' dir='ltr'><strong>ob</strong></span> <span class='ocrx_word' id='word_1_119' title='bbox 2159 2187 2534 2264; x_wconf 82' lang='lat' dir='ltr'><strong>effunden-</strong></span> 
     </span>
     <span class='ocr_line' id='line_1_17' title="bbox 726 2309 2533 2418; baseline -0.002 -32"><span class='ocrx_word' id='word_1_120' title='bbox 726 2315 905 2388; x_wconf 89' lang='lat' dir='ltr'><strong>dum</strong></span> <span class='ocrx_word' id='word_1_121' title='bbox 932 2314 1382 2418; x_wconf 81' lang='lat' dir='ltr'><strong>sauguinem,</strong></span> <span class='ocrx_word' id='word_1_122' title='bbox 1434 2337 1520 2390; x_wconf 89' lang='lat' dir='ltr'><strong>tu</strong></span> <span class='ocrx_word' id='word_1_123' title='bbox 1550 2315 1810 2392; x_wconf 85' lang='lat' dir='ltr'><strong>foenus</strong></span> <span class='ocrx_word' id='word_1_124' title='bbox 1841 2314 2280 2409; x_wconf 69' lang='lat' dir='ltr'><strong>usuramque</strong></span> <span class='ocrx_word' id='word_1_125' title='bbox 2314 2309 2533 2407; x_wconf 79' lang='lat' dir='ltr'><strong>capis,</strong></span> 
     </span>
     <span class='ocr_line' id='line_1_18' title="bbox 722 2415 2538 2533; baseline -0.002 -28"><span class='ocrx_word' id='word_1_126' title='bbox 722 2451 801 2505; x_wconf 91' lang='lat' dir='ltr'><strong>et</strong></span> <span class='ocrx_word' id='word_1_127' title='bbox 841 2459 1056 2507; x_wconf 75' lang='lat' dir='ltr'><strong>avare</strong></span> <span class='ocrx_word' id='word_1_128' title='bbox 1097 2437 1275 2510; x_wconf 79' lang='lat' dir='ltr'><strong>alios</strong></span> <span class='ocrx_word' id='word_1_129' title='bbox 1321 2462 1454 2533; x_wconf 85' lang='lat' dir='ltr'><strong>per</strong></span> <span class='ocrx_word' id='word_1_130' title='bbox 1512 2436 1858 2509; x_wconf 84' lang='lat' dir='ltr'><strong>iniuriam</strong></span> <span class='ocrx_word' id='word_1_131' title='bbox 1899 2415 2225 2523; x_wconf 63' lang='lat' dir='ltr'><strong>fraudate,</strong></span> <span class='ocrx_word' id='word_1_132' title='bbox 2303 2429 2538 2504; x_wconf 75' lang='lat' dir='ltr'><strong>oblita</strong></span> 
     </span>
     <span class='ocr_line' id='line_1_19' title="bbox 534 2551 2538 2650; baseline 0.002 -32"><span class='ocrx_word' id='word_1_133' title='bbox 534 2571 571 2618; x_wconf 86' lang='grc' dir='ltr'><strong>ι</strong></span> <span class='ocrx_word' id='word_1_134' title='bbox 582 2569 652 2636; x_wconf 84' lang='lat'><strong>3.</strong></span> <span class='ocrx_word' id='word_1_135' title='bbox 733 2552 883 2624; x_wconf 89' lang='lat' dir='ltr'><strong>mei</strong></span> <span class='ocrx_word' id='word_1_136' title='bbox 927 2551 1177 2650; x_wconf 83' lang='lat' dir='ltr'><strong>iuquit</strong></span> <span class='ocrx_word' id='word_1_137' title='bbox 1214 2554 1584 2628; x_wconf 76' lang='lat' dir='ltr'><strong>Dominus</strong></span> <span class='ocrx_word' id='word_1_138' title='bbox 1641 2559 1873 2627; x_wconf 81' lang='lat' dir='ltr'><strong>Deus.</strong></span> <span class='ocrx_word' id='word_1_139' title='bbox 1974 2557 2136 2632; x_wconf 79' lang='lat' dir='ltr'><strong>Jam</strong></span> <span class='ocrx_word' id='word_1_140' title='bbox 2176 2574 2355 2626; x_wconf 85' lang='lat' dir='ltr'><strong>vero</strong></span> <span class='ocrx_word' id='word_1_141' title='bbox 2397 2573 2538 2650; x_wconf 86' lang='lat' dir='ltr'><strong>ego</strong></span> 
     </span>
     <span class='ocr_line' id='line_1_20' title="bbox 730 2665 2542 2771; baseline 0.001 -31"><span class='ocrx_word' id='word_1_142' title='bbox 730 2669 823 2741; x_wconf 79' lang='lat' dir='ltr'><strong>ad</strong></span> <span class='ocrx_word' id='word_1_143' title='bbox 864 2665 1107 2761; x_wconf 79' lang='lat' dir='ltr'><strong>istam,</strong></span> <span class='ocrx_word' id='word_1_144' title='bbox 1177 2698 1397 2771; x_wconf 82' lang='lat' dir='ltr'><strong>quam</strong></span> <span class='ocrx_word' id='word_1_145' title='bbox 1441 2696 1730 2752; x_wconf 79' lang='lat' dir='ltr'><strong>exerces</strong></span> <span class='ocrx_word' id='word_1_146' title='bbox 1749 2727 1771 2762; x_wconf 87' lang='lat'><strong>,</strong></span> <span class='ocrx_word' id='word_1_147' title='bbox 1850 2671 2226 2746; x_wconf 80' lang='lat' dir='ltr'><strong>avaritiam</strong></span> <span class='ocrx_word' id='word_1_148' title='bbox 2244 2725 2266 2760; x_wconf 87' lang='lat'><strong>,</strong></span> <span class='ocrx_word' id='word_1_149' title='bbox 2332 2689 2408 2743; x_wconf 88' lang='lat' dir='ltr'><strong>et</strong></span> <span class='ocrx_word' id='word_1_150' title='bbox 2449 2669 2542 2742; x_wconf 77' lang='lat' dir='ltr'><strong>ad</strong></span> 
     </span>
     <span class='ocr_line' id='line_1_21' title="bbox 726 2769 2538 2886; baseline -0.001 -25"><span class='ocrx_word' id='word_1_151' title='bbox 726 2786 950 2862; x_wconf 78' lang='lat' dir='ltr'><strong>factas</strong></span> <span class='ocrx_word' id='word_1_152' title='bbox 995 2790 1074 2863; x_wconf 91' lang='lat' dir='ltr'><strong>in</strong></span> <span class='ocrx_word' id='word_1_153' title='bbox 1120 2792 1239 2866; x_wconf 87' lang='lat' dir='ltr'><strong>tui</strong></span> <span class='ocrx_word' id='word_1_154' title='bbox 1283 2769 1526 2866; x_wconf 72' lang='lat' dir='ltr'><strong>medio</strong></span> <span class='ocrx_word' id='word_1_155' title='bbox 1556 2792 1806 2867; x_wconf 81' lang='lat' dir='ltr'><strong>caedes</strong></span> <span class='ocrx_word' id='word_1_156' title='bbox 1833 2814 2086 2862; x_wconf 81' lang='lat' dir='ltr'><strong>manus</strong></span> <span class='ocrx_word' id='word_1_157' title='bbox 2129 2787 2538 2886; x_wconf 86' lang='lat' dir='ltr'><strong>complodo.</strong></span> 
     </span>
     <span class='ocr_line' id='line_1_22' title="bbox 478 2905 2546 3005; baseline -0.001 -22"><span class='ocrx_word' id='word_1_158' title='bbox 478 2906 494 2918; x_wconf 82' lang='grc'><em>’</em></span> <span class='ocrx_word' id='word_1_159' title='bbox 536 2920 654 2998; x_wconf 71' lang='grc'><strong>14.</strong></span> <span class='ocrx_word' id='word_1_160' title='bbox 730 2912 936 2981; x_wconf 89' lang='lat' dir='ltr'><strong>Num</strong></span> <span class='ocrx_word' id='word_1_161' title='bbox 962 2908 1314 2986; x_wconf 78' lang='lat' dir='ltr'><strong>constabis</strong></span> <span class='ocrx_word' id='word_1_162' title='bbox 1343 2913 1585 2984; x_wconf 78' lang='lat' dir='ltr'><strong>animo</strong></span> <span class='ocrx_word' id='word_1_163' title='bbox 1612 2931 1770 3002; x_wconf 87' lang='lat' dir='ltr'><strong>tuo,</strong></span> <span class='ocrx_word' id='word_1_164' title='bbox 1821 2927 1952 2982; x_wconf 82' lang='lat' dir='ltr'><strong>aut</strong></span> <span class='ocrx_word' id='word_1_165' title='bbox 1976 2905 2308 2982; x_wconf 81' lang='lat' dir='ltr'><strong>manibus</strong></span> <span class='ocrx_word' id='word_1_166' title='bbox 2341 2932 2546 3005; x_wconf 84' lang='lat' dir='ltr'><strong>prae·</strong></span> 
     </span>
     <span class='ocr_line' id='line_1_23' title="bbox 732 3021 2548 3129; baseline 0.002 -34"><span class='ocrx_word' id='word_1_167' title='bbox 732 3025 1030 3118; x_wconf 69' lang='lat' dir='ltr'><strong>valebiS,</strong></span> <span class='ocrx_word' id='word_1_168' title='bbox 1083 3055 1233 3126; x_wconf 89' lang='lat' dir='ltr'><strong>quo</strong></span> <span class='ocrx_word' id='word_1_169' title='bbox 1272 3055 1412 3129; x_wconf 84' lang='lat' dir='ltr'><strong>ego</strong></span> <span class='ocrx_word' id='word_1_170' title='bbox 1444 3048 1775 3127; x_wconf 86' lang='lat' dir='ltr'><strong>tempore</strong></span> <span class='ocrx_word' id='word_1_171' title='bbox 1806 3021 2013 3129; x_wconf 78' lang='lat' dir='ltr'><strong>agam</strong></span> <span class='ocrx_word' id='word_1_172' title='bbox 2038 3045 2284 3101; x_wconf 85' lang='lat' dir='ltr'><strong>tecum</strong></span> <span class='ocrx_word' id='word_1_173' title='bbox 2300 3026 2337 3099; x_wconf 71' lang='grc' dir='ltr'><strong>’ἒ</strong></span> <span class='ocrx_word' id='word_1_174' title='bbox 2385 3035 2548 3126; x_wconf 87' lang='lat' dir='ltr'><strong>Ego</strong></span> 
     </span>
     <span class='ocr_line' id='line_1_24' title="bbox 540 3145 2549 3245; baseline 0.003 -33"><span class='ocrx_word' id='word_1_175' title='bbox 540 3158 658 3228; x_wconf 78' lang='lat'><strong>15.</strong></span> <span class='ocrx_word' id='word_1_176' title='bbox 737 3147 1101 3218; x_wconf 77' lang='lat' dir='ltr'><strong>Dominus</strong></span> <span class='ocrx_word' id='word_1_177' title='bbox 1131 3164 1207 3221; x_wconf 90' lang='lat' dir='ltr'><strong>et</strong></span> <span class='ocrx_word' id='word_1_178' title='bbox 1239 3148 1427 3240; x_wconf 87' lang='lat' dir='ltr'><strong>dico,</strong></span> <span class='ocrx_word' id='word_1_179' title='bbox 1469 3166 1547 3222; x_wconf 85' lang='lat' dir='ltr'><strong>et</strong></span> <span class='ocrx_word' id='word_1_180' title='bbox 1572 3146 1869 3222; x_wconf 57' lang='lat' dir='ltr'><strong>faciam}</strong></span> <span class='ocrx_word' id='word_1_181' title='bbox 1924 3145 2268 3245; x_wconf 74' lang='lat' dir='ltr'><strong>dissipabo</strong></span> <span class='ocrx_word' id='word_1_182' title='bbox 2300 3163 2377 3220; x_wconf 89' lang='lat' dir='ltr'><strong>te</strong></span> <span class='ocrx_word' id='word_1_183' title='bbox 2415 3170 2549 3242; x_wconf 87' lang='lat' dir='ltr'><strong>pet</strong></span> 
     </span>
     <span class='ocr_line' id='line_1_25' title="bbox 607 3263 2554 3367; baseline 0.004 -31"><span class='ocrx_word' id='word_1_184' title='bbox 607 3269 614 3284; x_wconf 86' lang='lat'><em>&#39;</em></span> <span class='ocrx_word' id='word_1_185' title='bbox 740 3281 1016 3363; x_wconf 79' lang='lat' dir='ltr'><strong>gentes,</strong></span> <span class='ocrx_word' id='word_1_186' title='bbox 1047 3283 1125 3339; x_wconf 90' lang='lat' dir='ltr'><strong>et</strong></span> <span class='ocrx_word' id='word_1_187' title='bbox 1155 3266 1562 3367; x_wconf 80' lang='lat' dir='ltr'><strong>dispergam</strong></span> <span class='ocrx_word' id='word_1_188' title='bbox 1588 3291 1719 3365; x_wconf 86' lang='lat' dir='ltr'><strong>per</strong></span> <span class='ocrx_word' id='word_1_189' title='bbox 1750 3287 2000 3356; x_wconf 66' lang='lat' dir='ltr'><strong>terras»,</strong></span> <span class='ocrx_word' id='word_1_190' title='bbox 2032 3285 2109 3340; x_wconf 91' lang='lat' dir='ltr'><strong>et</strong></span> <span class='ocrx_word' id='word_1_191' title='bbox 2137 3263 2554 3344; x_wconf 75' lang='lat' dir='ltr'><strong>consumam</strong></span> 
     </span>
     <span class='ocr_line' id='line_1_26' title="bbox 541 3381 2554 3483; baseline 0.002 -31"><span class='ocrx_word' id='word_1_192' title='bbox 541 3381 658 3456; x_wconf 82' lang='lat'><strong>16.</strong></span> <span class='ocrx_word' id='word_1_193' title='bbox 736 3382 1242 3482; x_wconf 76' lang='lat' dir='ltr'><strong>impuritatem</strong></span> <span class='ocrx_word' id='word_1_194' title='bbox 1281 3404 1489 3459; x_wconf 79' lang='lat' dir='ltr'><strong>tuam</strong></span> <span class='ocrx_word' id='word_1_195' title='bbox 1534 3412 1575 3460; x_wconf 77' lang='lat' dir='ltr'><strong>a</strong></span> <span class='ocrx_word' id='word_1_196' title='bbox 1618 3405 1715 3460; x_wconf 89' lang='lat' dir='ltr'><strong>te.</strong></span> <span class='ocrx_word' id='word_1_197' title='bbox 1817 3393 2014 3460; x_wconf 83' lang='lat' dir='ltr'><strong>Tum</strong></span> <span class='ocrx_word' id='word_1_198' title='bbox 2057 3384 2554 3483; x_wconf 82' lang='lat' dir='ltr'><strong>profanaberis</strong></span> 
     </span>
     <span class='ocr_line' id='line_1_27' title="bbox 602 3501 2556 3608; baseline -0.004 -28"><span class='ocrx_word' id='word_1_199' title='bbox 602 3537 613 3546; x_wconf 64' lang='grc'><em>’</em></span> <span class='ocrx_word' id='word_1_200' title='bbox 686 3571 697 3580; x_wconf 74' lang='grc'><strong>.</strong></span> <span class='ocrx_word' id='word_1_201' title='bbox 739 3501 820 3574; x_wconf 88' lang='lat' dir='ltr'><strong>iu</strong></span> <span class='ocrx_word' id='word_1_202' title='bbox 863 3520 942 3577; x_wconf 86' lang='lat' dir='ltr'><strong>te</strong></span> <span class='ocrx_word' id='word_1_203' title='bbox 988 3529 1231 3578; x_wconf 77' lang='lat' dir='ltr'><strong>coram</strong></span> <span class='ocrx_word' id='word_1_204' title='bbox 1262 3505 1606 3579; x_wconf 77' lang='lat' dir='ltr'><strong>omnibus</strong></span> <span class='ocrx_word' id='word_1_205' title='bbox 1635 3506 2016 3608; x_wconf 72' lang='lat' dir='ltr'><strong>gentibus,</strong></span> <span class='ocrx_word' id='word_1_206' title='bbox 2069 3522 2145 3577; x_wconf 90' lang='lat' dir='ltr'><strong>et</strong></span> <span class='ocrx_word' id='word_1_207' title='bbox 2170 3502 2556 3604; x_wconf 86' lang='lat' dir='ltr'><strong>cognosces</strong></span> 
     </span>
     <span class='ocr_line' id='line_1_28' title="bbox 545 3620 2558 3710; baseline 0.001 -22"><span class='ocrx_word' id='word_1_208' title='bbox 545 3640 661 3710; x_wconf 81' lang='lat'><strong>²7·</strong></span> <span class='ocrx_word' id='word_1_209' title='bbox 737 3645 861 3695; x_wconf 82' lang='lat' dir='ltr'><strong>me</strong></span> <span class='ocrx_word' id='word_1_210' title='bbox 889 3620 1027 3698; x_wconf 82' lang='lat' dir='ltr'><strong>effe</strong></span> <span class='ocrx_word' id='word_1_211' title='bbox 1055 3625 1482 3699; x_wconf 85' lang='lat' dir='ltr'><strong>Dominum.</strong></span> <span class='ocrx_word' id='word_1_212' title='bbox 1795 3630 1985 3697; x_wconf 89' lang='lat' dir='ltr'><strong>Item</strong></span> <span class='ocrx_word' id='word_1_213' title='bbox 2023 3649 2146 3697; x_wconf 87' lang='lat' dir='ltr'><strong>me</strong></span> <span class='ocrx_word' id='word_1_214' title='bbox 2174 3624 2558 3696; x_wconf 78' lang='lat' dir='ltr'><strong>adlocutus</strong></span> 
     </span>
     <span class='ocr_line' id='line_1_29' title="bbox 548 3723 2562 3824; baseline 0 -16"><span class='ocrx_word' id='word_1_215' title='bbox 548 3754 666 3824; x_wconf 71' lang='grc' dir='ltr'><strong>ιθ.</strong></span> <span class='ocrx_word' id='word_1_216' title='bbox 746 3737 849 3811; x_wconf 84' lang='lat' dir='ltr'><strong>est</strong></span> <span class='ocrx_word' id='word_1_217' title='bbox 880 3742 997 3816; x_wconf 79' lang='lat' dir='ltr'><strong>his</strong></span> <span class='ocrx_word' id='word_1_218' title='bbox 1028 3742 1270 3818; x_wconf 81' lang='lat' dir='ltr'><strong>verbis</strong></span> <span class='ocrx_word' id='word_1_219' title='bbox 1304 3743 1710 3823; x_wconf 73' lang='lat' dir='ltr'><strong>Dominust</strong></span> <span class='ocrx_word' id='word_1_220' title='bbox 1809 3745 1949 3816; x_wconf 82' lang='lat' dir='ltr'><strong>Fili</strong></span> <span class='ocrx_word' id='word_1_221' title='bbox 1976 3739 2333 3816; x_wconf 85' lang='lat' dir='ltr'><strong>hominis!</strong></span> <span class='ocrx_word' id='word_1_222' title='bbox 2388 3723 2562 3809; x_wconf 75' lang='lat' dir='ltr'><strong>sunt</strong></span> 
     </span>
     <span class='ocr_line' id='line_1_30' title="bbox 748 3857 2561 3966; baseline 0 -36"><span class='ocrx_word' id='word_1_223' title='bbox 748 3857 935 3931; x_wconf 88' lang='lat' dir='ltr'><strong>mihi</strong></span> <span class='ocrx_word' id='word_1_224' title='bbox 965 3860 1325 3937; x_wconf 76' lang='lat' dir='ltr'><strong>Israelitae</strong></span> <span class='ocrx_word' id='word_1_225' title='bbox 1353 3862 1674 3937; x_wconf 74' lang='lat' dir='ltr'><strong>universi</strong></span> <span class='ocrx_word' id='word_1_226' title='bbox 1702 3862 1952 3953; x_wconf 80' lang='lat' dir='ltr'><strong>scoria,</strong></span> <span class='ocrx_word' id='word_1_227' title='bbox 2004 3887 2144 3954; x_wconf 78' lang='lat' dir='ltr'><strong>aes,</strong></span> <span class='ocrx_word' id='word_1_228' title='bbox 2200 3857 2561 3966; x_wconf 73' lang='lat' dir='ltr'><strong>stannum,</strong></span> 
     </span>
     <span class='ocr_line' id='line_1_31' title="bbox 748 3974 2568 4082; baseline -0.003 -29"><span class='ocrx_word' id='word_1_229' title='bbox 748 3974 1035 4058; x_wconf 79' lang='lat' dir='ltr'><strong>ferrum</strong></span> <span class='ocrx_word' id='word_1_230' title='bbox 1072 3999 1153 4058; x_wconf 84' lang='lat' dir='ltr'><strong>et</strong></span> <span class='ocrx_word' id='word_1_231' title='bbox 1176 3982 1635 4082; x_wconf 83' lang='lat' dir='ltr'><strong>plumbum</strong></span> <span class='ocrx_word' id='word_1_232' title='bbox 1612 4009 1692 4057; x_wconf 86' lang='grc' dir='ltr'><strong>ιιι</strong></span> <span class='ocrx_word' id='word_1_233' title='bbox 1723 3983 1962 4062; x_wconf 82' lang='lat' dir='ltr'><strong>media</strong></span> <span class='ocrx_word' id='word_1_234' title='bbox 1994 3980 2328 4070; x_wconf 84' lang='lat' dir='ltr'><strong>fornace,</strong></span> <span class='ocrx_word' id='word_1_235' title='bbox 2397 3976 2568 4049; x_wconf 82' lang='lat' dir='ltr'><strong>sunt</strong></span> 
     </span>
     <span class='ocr_line' id='line_1_32' title="bbox 2283 4095 2569 4200; baseline -0.017 -27"><span class='ocrx_word' id='word_1_236' title='bbox 2283 4095 2569 4200; x_wconf 72' lang='lat' dir='ltr'><strong>argenti</strong></span> 
     </span>
    </p>
   </div>
  </div>
 </body>
</html>
