2800 4650
450 390 497 454 4
732 346 741 354 ⁸
943 359 1452 429 Ezechiel.
1559 345 1970 461 (3⁶12.)le-

453 583 606 635 rem,
664 530 784 643 ipsi
828 555 1132 620 credibile
1180 554 1289 626 est.
1374 551 1667 617 Verfioni
1703 546 2023 619 arabicae,
2071 563 2235 628 quae
2263 544 2332 606 in
2361 546 2470 607 Bi·

450 663 598 724 bliis
632 661 1017 746 Polyglottis
1044 658 1302 745 legitur,
1349 656 1460 717 illa
1499 655 1625 716 hoc
1651 666 1822 716 certe
1851 643 2140 733 praestat,
2188 648 2368 733 quod
2392 671 2474 710 ex

451 765 591 850 ipso
622 781 803 828 textu
833 762 1153 837 hebraico,
1197 782 1327 822 non
1360 781 1446 823 ex
1473 758 1760 822 versione
1789 771 2013 839 graeca
2045 745 2130 810 est
2158 751 2470 841 coqfecta.

451 870 751 930 Attamen
770 863 1197 929 Schnutrerus
1226 862 1360 946 ipse
1391 865 1648 942 fatetur,
1663 860 2076 939 interpretem
2102 850 2281 913 illum
2297 853 2473 914 haud

455 971 720 1033 omnino
764 969 952 1031 talem
995 967 1057 1030 se
1101 963 1574 1049 comprobasse,
1639 952 1751 1049 qui
1791 958 2086 1038 succepto
2128 954 2311 1037 operi
2348 957 2470 1020 rite

450 1095 523 1137 ac
548 1072 973 1159 probabiliter
990 1067 1396 1167 perficiendo
1429 1089 1510 1130 ex
1542 1065 1718 1129 omni
1752 1052 2297 1149 parte-sufficeret.

554 1490 618 1536 1.
673 1429 1088 1537 Dominus
1118 1486 1242 1534 me
1266 1462 1469 1533 huno
1491 1462 1578 1535 in
1606 1460 1912 1540 modum
1941 1463 2046 1540 est
2068 1466 2471 1571 allocutus:

554 1607 621 1655 2.
673 1582 815 1655 Fili
858 1581 1217 1671 hominis,
1302 1605 1658 1679 compone
1701 1581 1960 1659 faciem
2009 1605 2212 1658 tuam
2255 1581 2474 1655 meri·

675 1700 875 1775 diem
914 1679 1205 1789 ’versum
1273 1718 1351 1772 et
1393 1701 1615 1775 verba
1642 1701 1874 1779 funde
1899 1705 2151 1780 versus
2183 1721 2470 1795 notum,

676 1837 756 1893 et
832 1819 1227 1893 vaticinare
1303 1821 1394 1892 ad
1455 1820 1757 1915 ‘sylvam
1823 1826 1981 1926 agri
2061 1821 2468 1898 meridiani.

454 1984 461 1989 ι
551 1958 621 2026 3.
673 1940 927 2013 Dicito
959 1937 1209 2032 sylvae
1238 1934 1566 2014 australi:
1641 1944 1842 2016 Audi
1873 1944 2186 2018 verbum
2211 1939 2472 2017 Domi·

675 2056 793 2131 ni!
821 2066 1029 2133 Haec
1059 2062 1240 2135 dicit
1252 2061 1621 2135 Dominus
1636 2068 1877 2137 Deus:
1930 2071 2116 2138 Ecce
2142 2090 2282 2165 ego
2293 2063 2471 2155 [ηο-

678 2179 910 2253 cendo
939 2181 1020 2251 in
1050 2198 1127 2254 te
1151 2182 1426 2280 ignem,
1478 2182 1613 2278 qui
1644 2184 2020 2258 consumet
2046 2187 2127 2256 in
2155 2202 2232 2255 te
2263 2181 2498 2269 arbo·⁵

669 2322 784 2372 res
810 2298 1084 2373 virides
1130 2326 1381 2376 omnes
1398 2357 1422 2394 ,
1489 2321 1565 2375 et
1593 2290 1845 2377 omnes
1874 2303 2165 2377 arbores
2193 2300 2423 2375 aridas
2439 2323 2467 2385 3

664 2442 817 2491 non
872 2397 1351 2519 eitinguetur
1424 2421 1714 2493 flamma
1785 2420 2310 2512 ardentissima,
2390 2437 2468 2493 et

666 2537 1148 2610 comburetur
1189 2563 1273 2613 ea
1312 2543 1552 2613 omnis
1577 2540 1802 2614 facies
1829 2542 1918 2615 ab
1952 2539 2192 2616 austro
2224 2565 2465 2640 usque

538 2668 614 2745 4.
672 2656 764 2728 ad
809 2657 1275 2754 aquilonem
1360 2666 1609 2757 Atque
1655 2661 2077 2763 intelligent
2117 2664 2462 2736 mortales

666 2798 963 2867 omnes,
1029 2804 1192 2868 me,
1263 2781 1712 2873 Dominum,
1785 2783 1996 2857 illam
2051 2777 2459 2858 aooendiffe.

534 2909 623 2980 5„
661 2898 1030 2998 Extingui
1084 2925 1234 2973 non
1297 2904 1596 2997 poterit.
1733 2912 1835 2975 At
1878 2927 2058 3003 eg0,
2138 2901 2463 2975 Domine

657 3020 903 3106 Deua,
954 3019 1294 3116 inquam,
1346 3020 1465 3088 illi
1511 3017 1769 3091 dicunt
1798 3022 1890 3094 de
1929 3046 2087 3093 me:
2148 3018 2283 3093 iste
2310 3043 2463 3092 non

532 3134 605 3209 6.
656 3132 794 3208 nifi
823 3162 956 3233 per
986 3138 1363 3234 parabolas
1394 3139 1754 3233 loquitur.
1824 3144 2022 3211 Tum
2052 3139 2142 3211 ad
2171 3164 2292 3212 me
2304 3144 2462 3212 Do-

531 3273 604 3346 7.
652 3254 903 3328 minus
940 3258 1116 3331 haec
1142 3254 1244 3331 est
1272 3259 1610 3330 locutus:
1681 3257 1824 3336 Fili
1869 3261 2220 3348 hominis‚'
2262 3284 2461 3332 com-

650 3399 846 3470 pone
874 3374 1143 3458 faeiem
1170 3395 1379 3452 tuam
1409 3380 1500 3452 ad
1525 3378 2140 3474 Hierosolymam,
2190 3398 2266 3454 et
2293 3403 2458 3454 ver-

657 3491 751 3564 ba
780 3492 1014 3570 funde
1045 3501 1137 3574 ad
1162 3502 1322 3571 loca
1356 3498 1615 3589 sancta,
1658 3517 1735 3572 et
1759 3499 2153 3575 vaticinare
2181 3503 2274 3572 ad
2313 3518 2456 3573 ter·

519 3626 596 3695 3.
644 3635 803 3686 ram
844 3616 1329 3694 Israeliticam.
1440 3621 1658 3692 Dicas
1690 3636 1939 3692 autem
1967 3637 2205 3693 terrae
2233 3618 2454 3693 Israe-

536 3733 543 3742 ’
636 3731 918 3809 liticae:
1022 3739 1221 3811 Haec
1252 3739 1433 3811 dicit
1462 3741 1871 3813 Dominus:
1923 3737 2074 3812 En!
2131 3765 2251 3813 me
2281 3731 2451 3813 oon·

646 3866 762 3926 tra
792 3872 886 3932 te.
995 3859 1317 3932 Educam
1363 3859 1610 3932 ensem
1653 3884 1908 3932 meum
1935 3884 1978 3930 e
2008 3861 2270 3960 vagina
2303 3859 2448 3947 sua,

516 3989 593 4072 9.
643 3988 722 4048 et
753 3974 1169 4056 exscindam
1202 4004 1300 4060 ex
1327 3997 1407 4069 te
1433 3981 1751 4056 insontes
1787 3995 1864 4053 et
1889 3979 2146 4056 malos·
2224 3985 2452 4075 Prop-

2253 4115 2452 4173 terea
